@manual{pythonAST,
  author      = {python docs},
  title       = {ast - Abstract Syntax Trees},
  url         = {https://docs.python.org/3/library/ast.html},
}

@manual{astor,
  author      = {Berker Peksag},
  title       = {astor - AST observe/rewrite},
  url         = {https://astor.readthedocs.io/en/latest/#},
}

@manual{Ruff,
  author       = {ruff docs},
  title        = {Ruff},
  url          = {https://docs.astral.sh/ruff/},
}

@manual{installMongodb,
  author      = {mongodb docs},
  title       = {MongoDB Installation},
  url         = {https://www.mongodb.com/docs/manual/installation/},
}

@manual{apidoc,
  author      = {Verebics Péter},
  title       = {API dokumentáció},
  url         = {http://szonyegxddd.web.elte.hu/szakdolgozat_api_doc/index.html}
}

@misc{monostatePattern,
  author      = {VasileAlaiba},
  title       = {Monostate Pattern},
  year        = {2014},
  url         = {https://wiki.c2.com/?MonostatePattern},
}

@article{GitHubDuplication,
  author      = {Lopes, Cristina V. and Maj, Petr and Martins, Pedro and Saini, Vaibhav and Yang, Di and Zitny, Jakub and Sajnani, Hitesh and Vitek, Jan},
  title       = {D\'{e}j\`{a}Vu: a map of code duplicates on GitHub},
  year        = {2017},
  publisher   = {Association for Computing Machinery},
  url         = {https://doi.org/10.1145/3133908},
  doi         = {10.1145/3133908},
}

@article{QuixBugs,
  author      = {Derrick Lin and James Koppel and Angela Chen and Armando Solar{-}Lezama},
  title       = {QuixBugs: a multi-lingual program repair benchmark set based on the quixey challenge},
  year        = {2017},
  url         = {https://doi.org/10.1145/3135932.3135941},
  doi         = {10.1145/3135932.3135941},
}

 @inproceedings{puri2021codenet,
  author = {Ruchir Puri and David Kung and Geert Janssen and Wei Zhang and Giacomo Domeniconi and Vladmir Zolotov and Julian Dolby and Jie Chen and Mihir Choudhury and Lindsey Decker and Veronika Thost and Luca Buratti and Saurabh Pujar and Ulrich Finkler},
  title = {Project CodeNet: A Large-Scale AI for Code Dataset for Learning a Diversity of Coding Tasks},
  year = {2021},
 }
